{
  "leader": "02784cam a2200397Ia 4500",
  "fields": [
    {
      "001": "ocn232996455"
    },
    {
      "003": "OCoLC"
    },
    {
      "005": "20221222111921.0"
    },
    {
      "008": "950504s1995\\\\\\\\nyuaf\\\\\\\\b\\\\\\\\001\\0\\eng\\d"
    },
    {
      "010": {
        "ind1": "\\",
        "ind2": "\\",
        "subfields": [
          {
            "a": "   95019014 "
          }
        ]
      }
    },
    {
      "040": {
        "ind1": "\\",
        "ind2": "\\",
        "subfields": [
          {
            "a": "CTL"
          },
          {
            "b": "eng"
          },
          {
            "c": "CTL"
          },
          {
            "d": "OCLCQ"
          },
          {
            "d": "OCLCF"
          },
          {
            "d": "OCLCO"
          },
          {
            "d": "OCLCQ"
          },
          {
            "d": "GZN"
          },
          {
            "d": "OCLCO"
          }
        ]
      }
    },
    {
      "020": {
        "ind1": "\\",
        "ind2": "\\",
        "subfields": [
          {
            "a": "0231103387"
          },
          {
            "q": "(alk. paper)"
          }
        ]
      }
    },
    {
      "020": {
        "ind1": "\\",
        "ind2": "\\",
        "subfields": [
          {
            "a": "9780231103381"
          },
          {
            "q": "(alk. paper)"
          }
        ]
      }
    },
    {
      "035": {
        "ind1": "\\",
        "ind2": "\\",
        "subfields": [
          {
            "a": "(OCoLC)232996455"
          }
        ]
      }
    },
    {
      "043": {
        "ind1": "\\",
        "ind2": "\\",
        "subfields": [
          {
            "a": "n-us---"
          }
        ]
      }
    },
    {
      "050": {
        "ind1": "0",
        "ind2": "0",
        "subfields": [
          {
            "a": "PN1993.5.U6"
          },
          {
            "b": "R59 1995"
          }
        ]
      }
    },
    {
      "082": {
        "ind1": "0",
        "ind2": "0",
        "subfields": [
          {
            "a": "791.430973"
          },
          {
            "b": "ROB"
          }
        ]
      }
    },
    {
      "100": {
        "ind1": "1",
        "ind2": "\\",
        "subfields": [
          {
            "a": "Robinson, David,"
          },
          {
            "d": "1930-"
          }
        ]
      }
    },
    {
      "245": {
        "ind1": "1",
        "ind2": "0",
        "subfields": [
          {
            "a": "From peep show to palace :"
          },
          {
            "b": "the birth of American film /"
          },
          {
            "c": "David Robinson ; foreword by Martin Scorsese."
          }
        ]
      }
    },
    {
      "260": {
        "ind1": "\\",
        "ind2": "\\",
        "subfields": [
          {
            "a": "New York :"
          },
          {
            "b": "Columbia University Press,"
          },
          {
            "c": "1995."
          }
        ]
      }
    },
    {
      "300": {
        "ind1": "\\",
        "ind2": "\\",
        "subfields": [
          {
            "a": "xiv, 213 pages, 8 pages of plates :"
          },
          {
            "b": "illustrations ;"
          },
          {
            "c": "24 cm"
          }
        ]
      }
    },
    {
      "336": {
        "ind1": "\\",
        "ind2": "\\",
        "subfields": [
          {
            "a": "text"
          },
          {
            "b": "txt"
          },
          {
            "2": "rdacontent"
          }
        ]
      }
    },
    {
      "337": {
        "ind1": "\\",
        "ind2": "\\",
        "subfields": [
          {
            "a": "unmediated"
          },
          {
            "b": "n"
          },
          {
            "2": "rdamedia"
          }
        ]
      }
    },
    {
      "338": {
        "ind1": "\\",
        "ind2": "\\",
        "subfields": [
          {
            "a": "volume"
          },
          {
            "b": "nc"
          },
          {
            "2": "rdacarrier"
          }
        ]
      }
    },
    {
      "504": {
        "ind1": "\\",
        "ind2": "\\",
        "subfields": [
          {
            "a": "Includes bibliographical references (pages 177-180) and index."
          }
        ]
      }
    },
    {
      "505": {
        "ind1": "0",
        "ind2": "\\",
        "subfields": [
          {
            "a": "Introduction / James H. Billington -- Foreword / Martin Scorsese -- 1. Pieces in a Puzzle: Prehistory of the motion picture -- 2. Sorcerer and Apprentice: Edison, Dickson, and the Kinetoscope -- 3. From Science to Show Business: Development of the Kinetoscope, as medium and commerce -- 4. The Race to the Screen: Projecting the motion picture -- 5. The Inherited Repertoire: Origins of motion picture content -- 6. Finding a Home: The rise of the nickelodeon and the purpose-built cinema -- 7. Wars and Order: Patents wrangles and industrial organization -- 8. Production and the Way West: The migration to California -- 9. Telling Stories: Development of film narrative -- 10. International Rivalries: America and Europe struggle for market domination -- 11. Features and Palaces: Revolutions in exhibition -- 12. The Year 1913: The cinema comes of age."
          }
        ]
      }
    },
    {
      "520": {
        "ind1": "1",
        "ind2": "\\",
        "subfields": [
          {
            "a": "\"From Peep Show to Palace recounts the enchanting early years of film, beginning with the primitive motion of the \"magic lantern\" in the fifteenth century and contining, most significantly, with the explosion of research from 1893 to 1913, when the modern motion picture was born. Respected film critic David Robinson offers this vivid account of the haphazard process, \"like the assembly of the pieces of a puzzle,\" which was the birth of American film.\"--BOOK JACKET."
          }
        ]
      }
    },
    {
      "650": {
        "ind1": "\\",
        "ind2": "0",
        "subfields": [
          {
            "a": "Motion pictures"
          },
          {
            "z": "United States"
          },
          {
            "x": "History."
          }
        ]
      }
    },
    {
      "650": {
        "ind1": "\\",
        "ind2": "0",
        "subfields": [
          {
            "a": "Motion picture industry"
          },
          {
            "z": "United States"
          },
          {
            "x": "History."
          }
        ]
      }
    },
    {
      "650": {
        "ind1": "\\",
        "ind2": "7",
        "subfields": [
          {
            "a": "Motion picture industry."
          },
          {
            "2": "fast"
          },
          {
            "0": "(OCoLC)fst01027150"
          }
        ]
      }
    },
    {
      "650": {
        "ind1": "\\",
        "ind2": "7",
        "subfields": [
          {
            "a": "Motion pictures."
          },
          {
            "2": "fast"
          },
          {
            "0": "(OCoLC)fst01027285"
          }
        ]
      }
    },
    {
      "651": {
        "ind1": "\\",
        "ind2": "7",
        "subfields": [
          {
            "a": "United States."
          },
          {
            "2": "fast"
          },
          {
            "0": "(OCoLC)fst01204155"
          }
        ]
      }
    },
    {
      "655": {
        "ind1": "\\",
        "ind2": "7",
        "subfields": [
          {
            "a": "History."
          },
          {
            "2": "fast"
          },
          {
            "0": "(OCoLC)fst01411628"
          }
        ]
      }
    },
    {
      "994": {
        "ind1": "\\",
        "ind2": "\\",
        "subfields": [
          {
            "a": "Z0"
          },
          {
            "b": "NYRVC"
          }
        ]
      }
    },
    {
      "948": {
        "ind1": "\\",
        "ind2": "\\",
        "subfields": [
          {
            "h": "NO HOLDINGS IN NYRVC - 13 OTHER HOLDINGS"
          }
        ]
      }
    },
    {
      "999": {
        "ind1": "\\",
        "ind2": "\\",
        "subfields": [
          {
            "a": "00000000010377"
          }
        ]
      }
    }
  ]
}